<collection xmlns="http://www.loc.gov/MARC21/slim">
<record>
  <leader>01914nam0a2200349 i 450 </leader>
  <controlfield tag="001">IT\ICCU\CNCE\016264</controlfield>
  <controlfield tag="005">20050622000000.0</controlfield>
  <datafield tag="012" ind1=" " ind2=" ">
    <subfield code="a">i-di saor o-ri po6. (3) 1590 (R)</subfield>
    <subfield code="2">fei</subfield>
  </datafield>
  <datafield tag="100" ind1=" " ind2=" ">
    <subfield code="a">19970101d1590        0itac0103    ba</subfield>
  </datafield>
  <datafield tag="101" ind1=" " ind2=" ">
    <subfield code="a">ITA</subfield>
  </datafield>
  <datafield tag="102" ind1=" " ind2=" ">
    <subfield code="a">IT</subfield>
  </datafield>
  <datafield tag="200" ind1="1" ind2=" ">
    <subfield code="a">Trattato del santissimo sacramento dell&apos;altare, et del modo di riceuerlo fruttuosamente, con vn&apos;altro trattato della santissima messa, &amp; del modo d&apos;vdirla con frutto. E con vn specchio di confessione. Composti per il r.p. Emerio de Bonis, della compagnia  di Giesu</subfield>
  </datafield>
  <datafield tag="210" ind1=" " ind2=" ">
    <subfield code="a">In Roma</subfield>
    <subfield code="c">appresso Paolo Diani</subfield>
    <subfield code="d">1590</subfield>
  </datafield>
  <datafield tag="215" ind1=" " ind2=" ">
    <subfield code="a">240 p.</subfield>
    <subfield code="d">12ʻ</subfield>
  </datafield>
  <datafield tag="300" ind1=" " ind2=" ">
    <subfield code="a">A p. 145 altro front.:Trattato della messa ... In Roma : nella stamperia di Paolo Diani, 1590 - A p.192 altro front.: Specchio di confessione ... In Roma : nella stamperia di Paolo Diani, 1590</subfield>
  </datafield>
  <datafield tag="423" ind1=" " ind2="0">
    <subfield code="1">001IT\ICCU\CNCE\051449</subfield>
    <subfield code="1">2001 </subfield>
    <subfield code="a">Trattato della messa ...</subfield>
  </datafield>
  <datafield tag="423" ind1=" " ind2="0">
    <subfield code="1">001IT\ICCU\CNCE\051450</subfield>
    <subfield code="1">2001 </subfield>
    <subfield code="a">Specchio di confessione ...</subfield>
  </datafield>
  <datafield tag="620" ind1=" " ind2=" ">
    <subfield code="a">IT</subfield>
    <subfield code="d">Roma</subfield>
  </datafield>
  <datafield tag="700" ind1=" " ind2="1">
    <subfield code="a">De_Bonis,</subfield>
    <subfield code="b">Emerio</subfield>
    <subfield code="3">IT\ICCU\CNCA\004650</subfield>
  </datafield>
  <datafield tag="712" ind1="0" ind2="0">
    <subfield code="a">Diani, Paolo</subfield>
    <subfield code="3">IT\ICCU\CNCT\000351</subfield>
    <subfield code="4">650</subfield>
  </datafield>
  <datafield tag="790" ind1=" " ind2="1">
    <subfield code="a">Bonis,</subfield>
    <subfield code="b">Emerio</subfield>
    <subfield code="3">IT\ICCU\CNCA\004651</subfield>
    <subfield code="z">De_Bonis, Emerio</subfield>
  </datafield>
  <datafield tag="790" ind1=" " ind2="1">
    <subfield code="a">Bonis,</subfield>
    <subfield code="b">Emerio : de</subfield>
    <subfield code="3">IT\ICCU\CNCA\008179</subfield>
    <subfield code="z">De_Bonis, Emerio</subfield>
  </datafield>
  <datafield tag="790" ind1=" " ind2="1">
    <subfield code="a">De_Bonis,</subfield>
    <subfield code="b">Emerius</subfield>
    <subfield code="3">IT\ICCU\CNCA\022743</subfield>
    <subfield code="z">De_Bonis, Emerio</subfield>
  </datafield>
  <datafield tag="791" ind1="0" ind2="0">
    <subfield code="a">Dianus, Paulus</subfield>
    <subfield code="3">IT\ICCU\CNCT\004692</subfield>
    <subfield code="z">Diani, Paolo</subfield>
  </datafield>
  <datafield tag="791" ind1="0" ind2="0">
    <subfield code="a">Dianis, Paulus de</subfield>
    <subfield code="3">IT\ICCU\CNCT\004693</subfield>
    <subfield code="z">Diani, Paolo</subfield>
  </datafield>
  <datafield tag="801" ind1=" " ind2="3">
    <subfield code="a">IT</subfield>
    <subfield code="b">ICCU</subfield>
    <subfield code="c">20201114</subfield>
  </datafield>
  <datafield tag="899" ind1=" " ind2=" ">
    <subfield code="a">Biblioteca comunale Malatestiana. Cesena</subfield>
    <subfield code="1">FC0011</subfield>
    <subfield code="2">RAV CS</subfield>
  </datafield>
  <datafield tag="899" ind1=" " ind2=" ">
    <subfield code="a">Biblioteca nazionale Braidense. Milano</subfield>
    <subfield code="1">MI0185</subfield>
    <subfield code="2">MIL NB</subfield>
  </datafield>
  <datafield tag="899" ind1=" " ind2=" ">
    <subfield code="a">Biblioteca comunale Francesco Melosio. Citt ̉della Pieve</subfield>
    <subfield code="1">PG0031</subfield>
    <subfield code="2">UM1 14</subfield>
  </datafield>
  <datafield tag="899" ind1=" " ind2=" ">
    <subfield code="a">Biblioteca nazionale centrale. Roma</subfield>
    <subfield code="1">RM0267</subfield>
    <subfield code="2">BVE CR</subfield>
  </datafield>
  <datafield tag="899" ind1=" " ind2=" ">
    <subfield code="a">Biblioteca universitaria Alessandrina. Roma</subfield>
    <subfield code="1">RM0280</subfield>
    <subfield code="2">RML 01</subfield>
  </datafield>
  <datafield tag="899" ind1=" " ind2=" ">
    <subfield code="a">Biblioteca Vallicelliana. Roma</subfield>
    <subfield code="1">RM0281</subfield>
    <subfield code="2">RML 08</subfield>
  </datafield>
</record>
</collection>
